@article{张文博2022,
  language = {zh},
  title    = {生产企业原材料的订购与转运问题研究},
  author   = {张文博 and 杨信志 and 方梓莉 and 冯晓倩 and 韩中庚},
  journal  = {数学建模及其应用},
  volume   = {11},
  number   = {1},
  pages    = {18},
  year     = {2022}
}